<record><leader>00000cas a22000007a 4500</leader><controlfield tag="001">21580198</controlfield><controlfield tag="008">900523d18841888mouwr ne      0    0eng d</controlfield><datafield ind1=" " ind2=" " tag="010"><subfield code="a">sn 90061737 </subfield></datafield><datafield ind1=" " ind2=" " tag="040"><subfield code="a">MQN</subfield><subfield code="b">eng</subfield><subfield code="c">MQN</subfield><subfield code="d">OCLCQ</subfield></datafield><datafield ind1=" " ind2=" " tag="042"><subfield code="a">msc</subfield></datafield><datafield ind1="0" ind2="4" tag="245"><subfield code="a">The Missouri agitator.</subfield></datafield><datafield ind1=" " ind2=" " tag="260"><subfield code="a">Rock Port, Mo. :</subfield><subfield code="b">Will R. Gay and J.W. Peck</subfield></datafield><datafield ind1=" " ind2=" " tag="300"><subfield code="a">v.</subfield></datafield><datafield ind1=" " ind2=" " tag="310"><subfield code="a">Weekly</subfield></datafield><datafield ind1="1" ind2=" " tag="362"><subfield code="a">Began in 1884?</subfield></datafield><datafield ind1="0" ind2=" " tag="362"><subfield code="a">-v. 4, no. 39 (July 26, 1888).</subfield></datafield><datafield ind1=" " ind2=" " tag="588"><subfield code="a">Description based on: Vol. 1, no. 7 (Dec. 24, 1884).</subfield></datafield><datafield ind1=" " ind2="4" tag="651"><subfield code="a">Rock Port (Mo.)</subfield><subfield code="v">Newspapers.</subfield></datafield><datafield ind1=" " ind2=" " tag="752"><subfield code="a">United States</subfield><subfield code="b">Missouri</subfield><subfield code="c">Atchison</subfield><subfield code="d">Rock Port.</subfield></datafield><datafield ind1="0" ind2="0" tag="785"><subfield code="t">Rock Port democrat</subfield><subfield code="w">(DLC)sn 90061672</subfield></datafield><datafield ind1="1" ind2=" " tag="029"><subfield code="a">AU@</subfield><subfield code="b">000025855273</subfield></datafield></record>